%% This BibTeX bibliography file was created using BibDesk.
%% http://bibdesk.sourceforge.net/

%% Created for Christof Pfannenm√ºller at 2016-07-28 22:10:53 +0200 


%% Saved with string encoding Unicode (UTF-8) 



@manual{Dave-AP,
	Date-Added = {2016-07-28 20:07:28 +0000},
	Date-Modified = {2016-07-28 20:08:50 +0000},
	Edition = {V1.0},
	Month = {Mai},
	Organization = {Infineon Technologies AG},
	Title = {Working with DAVE APPs and moving from DAVE v3 to v4 - Application Note (AP32295)},
	Year = {2015},
	Bdsk-File-1 = {YnBsaXN0MDDUAQIDBAUGJCVYJHZlcnNpb25YJG9iamVjdHNZJGFyY2hpdmVyVCR0b3ASAAGGoKgHCBMUFRYaIVUkbnVsbNMJCgsMDxJXTlMua2V5c1pOUy5vYmplY3RzViRjbGFzc6INDoACgAOiEBGABIAFgAdccmVsYXRpdmVQYXRoWWFsaWFzRGF0YW8QSQAuAC4ALwAuAC4ALwBEAGEAdABlAG4AYgBsAGEDCAB0AHQAZQByAC8AYQBsAGwAZwBlAG0AZQBpAG4ALwBJAG4AZgBpAG4AZQBvAG4ALQBXAG8AcgBrAGkAbgBnACAAdwBpAHQAaAAgAEQAQQBWAEUALQBBAE4ALQB2ADAAMQBfADAAMAAtAEUATgAuAHAAZABm0hcLGBlXTlMuZGF0YU8RAmgAAAAAAmgAAgAAA1NTRAAAAAAAAAAAAAAAAAAAAAAAAAAAAAAAAM8MO4xIKwAAAWcwFh9JbmZpbmVvbi1Xb3JraW5nIHdpIzE2NzMwMUYucGRmAAAAAAAAAAAAAAAAAAAAAAAAAAAAAAAAAAAAAAAAAAABZzAf074j8wAAAAAAAAAAAAIAAwAACSAAAAAAAAAAAAAAAAAAAAAJYWxsZ2VtZWluAAAQAAgAAM8MLXwAAAARAAgAANO+B9MAAAABACABZzAWAUxpVAFMaMsAEvZTABL1VAASvJ4AErx/AAAAbwACAIJTU0Q6VXNlcnM6AGNocmlzdG9mcGZhbm5lbm11bGxlcjoARG9jdW1lbnRzOgBVbmk6AEaKY2hlcjoAQmFjaGVsb3JhcmJlaXQ6AERhdGVuYmyKdHRlcjoAYWxsZ2VtZWluOgBJbmZpbmVvbi1Xb3JraW5nIHdpIzE2NzMwMUYucGRmAA4AWAArAEkAbgBmAGkAbgBlAG8AbgAtAFcAbwByAGsAaQBuAGcAIAB3AGkAdABoACAARABBAFYARQAtAEEATgAtAHYAMAAxAF8AMAAwAC0ARQBOAC4AcABkAGYADwAIAAMAUwBTAEQAEgCGVXNlcnMvY2hyaXN0b2ZwZmFubmVubXVsbGVyL0RvY3VtZW50cy9VbmkvRmHMiGNoZXIvQmFjaGVsb3JhcmJlaXQvRGF0ZW5ibGHMiHR0ZXIvYWxsZ2VtZWluL0luZmluZW9uLVdvcmtpbmcgd2l0aCBEQVZFLUFOLXYwMV8wMC1FTi5wZGYAEwABLwAAFQACABz//wAAgAbSGxwdHlokY2xhc3NuYW1lWCRjbGFzc2VzXU5TTXV0YWJsZURhdGGjHR8gVk5TRGF0YVhOU09iamVjdNIbHCIjXE5TRGljdGlvbmFyeaIiIF8QD05TS2V5ZWRBcmNoaXZlctEmJ1Ryb290gAEACAARABoAIwAtADIANwBAAEYATQBVAGAAZwBqAGwAbgBxAHMAdQB3AIQAjgEjASgBMAOcA54DowOuA7cDxQPJA9AD2QPeA+sD7gQABAMECAAAAAAAAAIBAAAAAAAAACgAAAAAAAAAAAAAAAAAAAQK}}

@manual{USIC-AP,
	Date-Added = {2016-07-28 20:06:04 +0000},
	Date-Modified = {2016-07-28 20:07:17 +0000},
	Edition = {V1.0},
	Month = {Juli},
	Organization = {Infineon Technologies AG},
	Title = {Universal Serial Interface Channel (USIC) - Application Note (AP32303)},
	Year = {2015},
	Bdsk-File-1 = {YnBsaXN0MDDUAQIDBAUGJCVYJHZlcnNpb25YJG9iamVjdHNZJGFyY2hpdmVyVCR0b3ASAAGGoKgHCBMUFRYaIVUkbnVsbNMJCgsMDxJXTlMua2V5c1pOUy5vYmplY3RzViRjbGFzc6INDoACgAOiEBGABIAFgAdccmVsYXRpdmVQYXRoWWFsaWFzRGF0YW8QLwAuAC4ALwAuAC4ALwBEAGEAdABlAG4AYgBsAGEDCAB0AHQAZQByAC8AYQBsAGwAZwBlAG0AZQBpAG4ALwBJAG4AZgBpAG4AZQBvAG4ALQBVAFMASQBDAC4AcABkAGbSFwsYGVdOUy5kYXRhTxECDAAAAAACDAACAAADU1NEAAAAAAAAAAAAAAAAAAAAAAAAAAAAAAAAzww7jEgrAAABZzAWEUluZmluZW9uLVVTSUMucGRmAAAAAAAAAAAAAAAAAAAAAAAAAAAAAAAAAAAAAAAAAAAAAAAAAAAAAAAAAAAAAAFnMB7TviPzAAAAAAAAAAAAAgADAAAJIAAAAAAAAAAAAAAAAAAAAAlhbGxnZW1laW4AABAACAAAzwwtfAAAABEACAAA074H0wAAAAEAIAFnMBYBTGlUAUxoywAS9lMAEvVUABK8ngASvH8AAABvAAIAdFNTRDpVc2VyczoAY2hyaXN0b2ZwZmFubmVubXVsbGVyOgBEb2N1bWVudHM6AFVuaToARopjaGVyOgBCYWNoZWxvcmFyYmVpdDoARGF0ZW5ibIp0dGVyOgBhbGxnZW1laW46AEluZmluZW9uLVVTSUMucGRmAA4AJAARAEkAbgBmAGkAbgBlAG8AbgAtAFUAUwBJAEMALgBwAGQAZgAPAAgAAwBTAFMARAASAGxVc2Vycy9jaHJpc3RvZnBmYW5uZW5tdWxsZXIvRG9jdW1lbnRzL1VuaS9GYcyIY2hlci9CYWNoZWxvcmFyYmVpdC9EYXRlbmJsYcyIdHRlci9hbGxnZW1laW4vSW5maW5lb24tVVNJQy5wZGYAEwABLwAAFQACABz//wAAgAbSGxwdHlokY2xhc3NuYW1lWCRjbGFzc2VzXU5TTXV0YWJsZURhdGGjHR8gVk5TRGF0YVhOU09iamVjdNIbHCIjXE5TRGljdGlvbmFyeaIiIF8QD05TS2V5ZWRBcmNoaXZlctEmJ1Ryb290gAEACAARABoAIwAtADIANwBAAEYATQBVAGAAZwBqAGwAbgBxAHMAdQB3AIQAjgDvAPQA/AMMAw4DEwMeAycDNQM5A0ADSQNOA1sDXgNwA3MDeAAAAAAAAAIBAAAAAAAAACgAAAAAAAAAAAAAAAAAAAN6}}

@manual{USIC-TR,
	Date-Added = {2016-07-28 20:04:27 +0000},
	Date-Modified = {2016-07-28 20:05:58 +0000},
	Edition = {V1.0},
	Month = {November},
	Organization = {Infineon Technologies AG},
	Title = {USIC - Universal Serial Interface Channel Training},
	Year = {2014},
	Bdsk-File-1 = {YnBsaXN0MDDUAQIDBAUGJCVYJHZlcnNpb25YJG9iamVjdHNZJGFyY2hpdmVyVCR0b3ASAAGGoKgHCBMUFRYaIVUkbnVsbNMJCgsMDxJXTlMua2V5c1pOUy5vYmplY3RzViRjbGFzc6INDoACgAOiEBGABIAFgAdccmVsYXRpdmVQYXRoWWFsaWFzRGF0YW8QQwAuAC4ALwAuAC4ALwBEAGEAdABlAG4AYgBsAGEDCAB0AHQAZQByAC8AYQBsAGwAZwBlAG0AZQBpAG4ALwBJAG4AZgBpAG4AZQBvAG4ALQBJAFAAXwBVAFMASQBDAF8AWABNAEMALQBUAFIALQB2ADAAMQBfADAAMAAtAEUATgAuAHAAZABm0hcLGBlXTlMuZGF0YU8RAlYAAAAAAlYAAgAAA1NTRAAAAAAAAAAAAAAAAAAAAAAAAAAAAAAAAM8MO4xIKwAAAWcwFh9JbmZpbmVvbi1JUF9VU0lDX1hNIzE2NzMwMUQucGRmAAAAAAAAAAAAAAAAAAAAAAAAAAAAAAAAAAAAAAAAAAABZzAd074j8wAAAAAAAAAAAAIAAwAACSAAAAAAAAAAAAAAAAAAAAAJYWxsZ2VtZWluAAAQAAgAAM8MLXwAAAARAAgAANO+B9MAAAABACABZzAWAUxpVAFMaMsAEvZTABL1VAASvJ4AErx/AAAAbwACAIJTU0Q6VXNlcnM6AGNocmlzdG9mcGZhbm5lbm11bGxlcjoARG9jdW1lbnRzOgBVbmk6AEaKY2hlcjoAQmFjaGVsb3JhcmJlaXQ6AERhdGVuYmyKdHRlcjoAYWxsZ2VtZWluOgBJbmZpbmVvbi1JUF9VU0lDX1hNIzE2NzMwMUQucGRmAA4ATAAlAEkAbgBmAGkAbgBlAG8AbgAtAEkAUABfAFUAUwBJAEMAXwBYAE0AQwAtAFQAUgAtAHYAMAAxAF8AMAAwAC0ARQBOAC4AcABkAGYADwAIAAMAUwBTAEQAEgCAVXNlcnMvY2hyaXN0b2ZwZmFubmVubXVsbGVyL0RvY3VtZW50cy9VbmkvRmHMiGNoZXIvQmFjaGVsb3JhcmJlaXQvRGF0ZW5ibGHMiHR0ZXIvYWxsZ2VtZWluL0luZmluZW9uLUlQX1VTSUNfWE1DLVRSLXYwMV8wMC1FTi5wZGYAEwABLwAAFQACABz//wAAgAbSGxwdHlokY2xhc3NuYW1lWCRjbGFzc2VzXU5TTXV0YWJsZURhdGGjHR8gVk5TRGF0YVhOU09iamVjdNIbHCIjXE5TRGljdGlvbmFyeaIiIF8QD05TS2V5ZWRBcmNoaXZlctEmJ1Ryb290gAEACAARABoAIwAtADIANwBAAEYATQBVAGAAZwBqAGwAbgBxAHMAdQB3AIQAjgEXARwBJAN+A4ADhQOQA5kDpwOrA7IDuwPAA80D0APiA+UD6gAAAAAAAAIBAAAAAAAAACgAAAAAAAAAAAAAAAAAAAPs}}

@manual{POSIF-TR,
	Date-Added = {2016-07-28 20:03:21 +0000},
	Date-Modified = {2016-07-28 20:09:06 +0000},
	Edition = {V1.1},
	Month = {Juli},
	Organization = {Infineon Technologies AG},
	Title = {POSIF - Position Interface Training},
	Year = {2014},
	Bdsk-File-1 = {YnBsaXN0MDDUAQIDBAUGJCVYJHZlcnNpb25YJG9iamVjdHNZJGFyY2hpdmVyVCR0b3ASAAGGoKgHCBMUFRYaIVUkbnVsbNMJCgsMDxJXTlMua2V5c1pOUy5vYmplY3RzViRjbGFzc6INDoACgAOiEBGABIAFgAdccmVsYXRpdmVQYXRoWWFsaWFzRGF0YW8QRAAuAC4ALwAuAC4ALwBEAGEAdABlAG4AYgBsAGEDCAB0AHQAZQByAC8AYQBsAGwAZwBlAG0AZQBpAG4ALwBJAG4AZgBpAG4AZQBvAG4ALQBJAFAAXwBQAE8AUwBJAEYAXwBYAE0AQwAtAFQAUgAtAHYAMAAxAF8AMAAxAC0ARQBOAC4AcABkAGbSFwsYGVdOUy5kYXRhTxECWgAAAAACWgACAAADU1NEAAAAAAAAAAAAAAAAAAAAAAAAAAAAAAAAzww7jEgrAAABZzAWH0luZmluZW9uLUlQX1BPU0lGX1gjMTY3MzAxQy5wZGYAAAAAAAAAAAAAAAAAAAAAAAAAAAAAAAAAAAAAAAAAAAFnMBzTviPzAAAAAAAAAAAAAgADAAAJIAAAAAAAAAAAAAAAAAAAAAlhbGxnZW1laW4AABAACAAAzwwtfAAAABEACAAA074H0wAAAAEAIAFnMBYBTGlUAUxoywAS9lMAEvVUABK8ngASvH8AAABvAAIAglNTRDpVc2VyczoAY2hyaXN0b2ZwZmFubmVubXVsbGVyOgBEb2N1bWVudHM6AFVuaToARopjaGVyOgBCYWNoZWxvcmFyYmVpdDoARGF0ZW5ibIp0dGVyOgBhbGxnZW1laW46AEluZmluZW9uLUlQX1BPU0lGX1gjMTY3MzAxQy5wZGYADgBOACYASQBuAGYAaQBuAGUAbwBuAC0ASQBQAF8AUABPAFMASQBGAF8AWABNAEMALQBUAFIALQB2ADAAMQBfADAAMQAtAEUATgAuAHAAZABmAA8ACAADAFMAUwBEABIAgVVzZXJzL2NocmlzdG9mcGZhbm5lbm11bGxlci9Eb2N1bWVudHMvVW5pL0ZhzIhjaGVyL0JhY2hlbG9yYXJiZWl0L0RhdGVuYmxhzIh0dGVyL2FsbGdlbWVpbi9JbmZpbmVvbi1JUF9QT1NJRl9YTUMtVFItdjAxXzAxLUVOLnBkZgAAEwABLwAAFQACABz//wAAgAbSGxwdHlokY2xhc3NuYW1lWCRjbGFzc2VzXU5TTXV0YWJsZURhdGGjHR8gVk5TRGF0YVhOU09iamVjdNIbHCIjXE5TRGljdGlvbmFyeaIiIF8QD05TS2V5ZWRBcmNoaXZlctEmJ1Ryb290gAEACAARABoAIwAtADIANwBAAEYATQBVAGAAZwBqAGwAbgBxAHMAdQB3AIQAjgEZAR4BJgOEA4YDiwOWA58DrQOxA7gDwQPGA9MD1gPoA+sD8AAAAAAAAAIBAAAAAAAAACgAAAAAAAAAAAAAAAAAAAPy}}

@manual{ERU-Training1.1,
	Date-Added = {2016-07-28 20:01:23 +0000},
	Date-Modified = {2016-07-28 20:02:23 +0000},
	Edition = {V1.1},
	Month = {August},
	Organization = {Infineon Technologies AG},
	Title = {ERU - Event Request Unit Training},
	Year = {2014},
	Bdsk-File-1 = {YnBsaXN0MDDUAQIDBAUGJCVYJHZlcnNpb25YJG9iamVjdHNZJGFyY2hpdmVyVCR0b3ASAAGGoKgHCBMUFRYaIVUkbnVsbNMJCgsMDxJXTlMua2V5c1pOUy5vYmplY3RzViRjbGFzc6INDoACgAOiEBGABIAFgAdccmVsYXRpdmVQYXRoWWFsaWFzRGF0YW8QQgAuAC4ALwAuAC4ALwBEAGEAdABlAG4AYgBsAGEDCAB0AHQAZQByAC8AYQBsAGwAZwBlAG0AZQBpAG4ALwBJAG4AZgBpAG4AZQBvAG4ALQBJAFAAXwBFAFIAVQBfAFgATQBDAC0AVABSAC0AdgAwADEAXwAwADEALQBFAE4ALgBwAGQAZtIXCxgZV05TLmRhdGFPEQJUAAAAAAJUAAIAAANTU0QAAAAAAAAAAAAAAAAAAAAAAAAAAAAAAADPDDuMSCsAAAFnMBYfSW5maW5lb24tSVBfRVJVX1hNQyMxNjczMDFCLnBkZgAAAAAAAAAAAAAAAAAAAAAAAAAAAAAAAAAAAAAAAAAAAWcwG9O+I/MAAAAAAAAAAAACAAMAAAkgAAAAAAAAAAAAAAAAAAAACWFsbGdlbWVpbgAAEAAIAADPDC18AAAAEQAIAADTvgfTAAAAAQAgAWcwFgFMaVQBTGjLABL2UwAS9VQAEryeABK8fwAAAG8AAgCCU1NEOlVzZXJzOgBjaHJpc3RvZnBmYW5uZW5tdWxsZXI6AERvY3VtZW50czoAVW5pOgBGimNoZXI6AEJhY2hlbG9yYXJiZWl0OgBEYXRlbmJsinR0ZXI6AGFsbGdlbWVpbjoASW5maW5lb24tSVBfRVJVX1hNQyMxNjczMDFCLnBkZgAOAEoAJABJAG4AZgBpAG4AZQBvAG4ALQBJAFAAXwBFAFIAVQBfAFgATQBDAC0AVABSAC0AdgAwADEAXwAwADEALQBFAE4ALgBwAGQAZgAPAAgAAwBTAFMARAASAH9Vc2Vycy9jaHJpc3RvZnBmYW5uZW5tdWxsZXIvRG9jdW1lbnRzL1VuaS9GYcyIY2hlci9CYWNoZWxvcmFyYmVpdC9EYXRlbmJsYcyIdHRlci9hbGxnZW1laW4vSW5maW5lb24tSVBfRVJVX1hNQy1UUi12MDFfMDEtRU4ucGRmAAATAAEvAAAVAAIAHP//AACABtIbHB0eWiRjbGFzc25hbWVYJGNsYXNzZXNdTlNNdXRhYmxlRGF0YaMdHyBWTlNEYXRhWE5TT2JqZWN00hscIiNcTlNEaWN0aW9uYXJ5oiIgXxAPTlNLZXllZEFyY2hpdmVy0SYnVHJvb3SAAQAIABEAGgAjAC0AMgA3AEAARgBNAFUAYABnAGoAbABuAHEAcwB1AHcAhACOARUBGgEiA3oDfAOBA4wDlQOjA6cDrgO3A7wDyQPMA94D4QPmAAAAAAAAAgEAAAAAAAAAKAAAAAAAAAAAAAAAAAAAA+g=}}

@manual{ERU-Training1.0,
	Date-Added = {2016-07-28 19:54:11 +0000},
	Date-Modified = {2016-07-28 20:03:10 +0000},
	Edition = {V1.0},
	Month = {Oktober},
	Organization = {Infineon Technologies AG},
	Title = {ERU - Event Request Unit Training},
	Year = {2013},
	Bdsk-File-1 = {YnBsaXN0MDDUAQIDBAUGJCVYJHZlcnNpb25YJG9iamVjdHNZJGFyY2hpdmVyVCR0b3ASAAGGoKgHCBMUFRYaIVUkbnVsbNMJCgsMDxJXTlMua2V5c1pOUy5vYmplY3RzViRjbGFzc6INDoACgAOiEBGABIAFgAdccmVsYXRpdmVQYXRoWWFsaWFzRGF0YW8QQgAuAC4ALwAuAC4ALwBEAGEAdABlAG4AYgBsAGEDCAB0AHQAZQByAC8AYQBsAGwAZwBlAG0AZQBpAG4ALwBJAG4AZgBpAG4AZQBvAG4ALQBJAFAAXwBFAFIAVQBfAFgATQBDAC0AVABSAC0AdgAwADEAXwAwADAALQBFAE4ALgBwAGQAZtIXCxgZV05TLmRhdGFPEQJUAAAAAAJUAAIAAANTU0QAAAAAAAAAAAAAAAAAAAAAAAAAAAAAAADPDDuMSCsAAAFnMBYfSW5maW5lb24tSVBfRVJVX1hNQyMxNjczMDFBLnBkZgAAAAAAAAAAAAAAAAAAAAAAAAAAAAAAAAAAAAAAAAAAAWcwGtO+I/MAAAAAAAAAAAACAAMAAAkgAAAAAAAAAAAAAAAAAAAACWFsbGdlbWVpbgAAEAAIAADPDC18AAAAEQAIAADTvgfTAAAAAQAgAWcwFgFMaVQBTGjLABL2UwAS9VQAEryeABK8fwAAAG8AAgCCU1NEOlVzZXJzOgBjaHJpc3RvZnBmYW5uZW5tdWxsZXI6AERvY3VtZW50czoAVW5pOgBGimNoZXI6AEJhY2hlbG9yYXJiZWl0OgBEYXRlbmJsinR0ZXI6AGFsbGdlbWVpbjoASW5maW5lb24tSVBfRVJVX1hNQyMxNjczMDFBLnBkZgAOAEoAJABJAG4AZgBpAG4AZQBvAG4ALQBJAFAAXwBFAFIAVQBfAFgATQBDAC0AVABSAC0AdgAwADEAXwAwADAALQBFAE4ALgBwAGQAZgAPAAgAAwBTAFMARAASAH9Vc2Vycy9jaHJpc3RvZnBmYW5uZW5tdWxsZXIvRG9jdW1lbnRzL1VuaS9GYcyIY2hlci9CYWNoZWxvcmFyYmVpdC9EYXRlbmJsYcyIdHRlci9hbGxnZW1laW4vSW5maW5lb24tSVBfRVJVX1hNQy1UUi12MDFfMDAtRU4ucGRmAAATAAEvAAAVAAIAHP//AACABtIbHB0eWiRjbGFzc25hbWVYJGNsYXNzZXNdTlNNdXRhYmxlRGF0YaMdHyBWTlNEYXRhWE5TT2JqZWN00hscIiNcTlNEaWN0aW9uYXJ5oiIgXxAPTlNLZXllZEFyY2hpdmVy0SYnVHJvb3SAAQAIABEAGgAjAC0AMgA3AEAARgBNAFUAYABnAGoAbABuAHEAcwB1AHcAhACOARUBGgEiA3oDfAOBA4wDlQOjA6cDrgO3A7wDyQPMA94D4QPmAAAAAAAAAgEAAAAAAAAAKAAAAAAAAAAAAAAAAAAAA+g=}}

@manual{ERU-AP,
	Date-Added = {2016-07-28 19:52:37 +0000},
	Date-Modified = {2016-07-28 20:10:39 +0000},
	Edition = {V1.0},
	Month = {Juli},
	Organization = {Infineon Technologies AG},
	Title = {Event Request Unit (ERU) - Application Note (AP32306)},
	Year = {2007},
	Bdsk-File-1 = {YnBsaXN0MDDUAQIDBAUGJCVYJHZlcnNpb25YJG9iamVjdHNZJGFyY2hpdmVyVCR0b3ASAAGGoKgHCBMUFRYaIVUkbnVsbNMJCgsMDxJXTlMua2V5c1pOUy5vYmplY3RzViRjbGFzc6INDoACgAOiEBGABIAFgAdccmVsYXRpdmVQYXRoWWFsaWFzRGF0YW8QUwAuAC4ALwAuAC4ALwBEAGEAdABlAG4AYgBsAGEDCAB0AHQAZQByAC8AYQBsAGwAZwBlAG0AZQBpAG4ALwBJAG4AZgBpAG4AZQBvAG4ALQBFAFIAVQAtAFgATQBDADEAMAAwADAAXwBYAE0AQwA0ADAAMAAwAC0AQQBQADMAMgAzADAANgAtAEEATgAtAHYAMAAxAF8AMAAwAC0ARQBOAC4AcABkAGbSFwsYGVdOUy5kYXRhTxEChgAAAAAChgACAAADU1NEAAAAAAAAAAAAAAAAAAAAAAAAAAAAAAAAzww7jEgrAAABZzAWH0luZmluZW9uLUVSVS1YTUMxMDAjMTY3MzAxOS5wZGYAAAAAAAAAAAAAAAAAAAAAAAAAAAAAAAAAAAAAAAAAAAFnMBnTviPzAAAAAAAAAAAAAgADAAAJIAAAAAAAAAAAAAAAAAAAAAlhbGxnZW1laW4AABAACAAAzwwtfAAAABEACAAA074H0wAAAAEAIAFnMBYBTGlUAUxoywAS9lMAEvVUABK8ngASvH8AAABvAAIAglNTRDpVc2VyczoAY2hyaXN0b2ZwZmFubmVubXVsbGVyOgBEb2N1bWVudHM6AFVuaToARopjaGVyOgBCYWNoZWxvcmFyYmVpdDoARGF0ZW5ibIp0dGVyOgBhbGxnZW1laW46AEluZmluZW9uLUVSVS1YTUMxMDAjMTY3MzAxOS5wZGYADgBsADUASQBuAGYAaQBuAGUAbwBuAC0ARQBSAFUALQBYAE0AQwAxADAAMAAwAF8AWABNAEMANAAwADAAMAAtAEEAUAAzADIAMwAwADYALQBBAE4ALQB2ADAAMQBfADAAMAAtAEUATgAuAHAAZABmAA8ACAADAFMAUwBEABIAkFVzZXJzL2NocmlzdG9mcGZhbm5lbm11bGxlci9Eb2N1bWVudHMvVW5pL0ZhzIhjaGVyL0JhY2hlbG9yYXJiZWl0L0RhdGVuYmxhzIh0dGVyL2FsbGdlbWVpbi9JbmZpbmVvbi1FUlUtWE1DMTAwMF9YTUM0MDAwLUFQMzIzMDYtQU4tdjAxXzAwLUVOLnBkZgATAAEvAAAVAAIAHP//AACABtIbHB0eWiRjbGFzc25hbWVYJGNsYXNzZXNdTlNNdXRhYmxlRGF0YaMdHyBWTlNEYXRhWE5TT2JqZWN00hscIiNcTlNEaWN0aW9uYXJ5oiIgXxAPTlNLZXllZEFyY2hpdmVy0SYnVHJvb3SAAQAIABEAGgAjAC0AMgA3AEAARgBNAFUAYABnAGoAbABuAHEAcwB1AHcAhACOATcBPAFEA84D0APVA+AD6QP3A/sEAgQLBBAEHQQgBDIENQQ6AAAAAAAAAgEAAAAAAAAAKAAAAAAAAAAAAAAAAAAABDw=}}

@manual{InterruptSub-AP,
	Date-Added = {2016-07-28 19:49:38 +0000},
	Date-Modified = {2016-07-28 19:52:33 +0000},
	Edition = {V1.0},
	Month = {April},
	Organization = {Infineon Technologies AG},
	Title = {Interrupt subsystem - Application Note (AP32331)},
	Year = {2016},
	Bdsk-File-1 = {YnBsaXN0MDDUAQIDBAUGJCVYJHZlcnNpb25YJG9iamVjdHNZJGFyY2hpdmVyVCR0b3ASAAGGoKgHCBMUFRYaIVUkbnVsbNMJCgsMDxJXTlMua2V5c1pOUy5vYmplY3RzViRjbGFzc6INDoACgAOiEBGABIAFgAdccmVsYXRpdmVQYXRoWWFsaWFzRGF0YW8QawAuAC4ALwAuAC4ALwBEAGEAdABlAG4AYgBsAGEDCAB0AHQAZQByAC8AYQBsAGwAZwBlAG0AZQBpAG4ALwBJAG4AZgBpAG4AZQBvAG4ALQBBAHAAcABsAGkAYwBhAHQAaQBvAG4ATgBvAHQAZQAtAEEAUAAzADIAMwAzADEALQBYAE0AQwB4ADAAMAAwAC0ASQBuAHQAZQByAHIAdQBwAHQALQBzAHUAYgBzAHkAcwB0AGUAbQAtAEEATgAtAHYAMAAxAF8AMAAwAC0ARQBOAC4AcABkAGbSFwsYGVdOUy5kYXRhTxECzgAAAAACzgACAAADU1NEAAAAAAAAAAAAAAAAAAAAAAAAAAAAAAAAzww7jEgrAAABZzAWH0luZmluZW9uLUFwcGxpY2F0aW8jMTY3MzAxOC5wZGYAAAAAAAAAAAAAAAAAAAAAAAAAAAAAAAAAAAAAAAAAAAFnMBjTviPzAAAAAAAAAAAAAgADAAAJIAAAAAAAAAAAAAAAAAAAAAlhbGxnZW1laW4AABAACAAAzwwtfAAAABEACAAA074H0wAAAAEAIAFnMBYBTGlUAUxoywAS9lMAEvVUABK8ngASvH8AAABvAAIAglNTRDpVc2VyczoAY2hyaXN0b2ZwZmFubmVubXVsbGVyOgBEb2N1bWVudHM6AFVuaToARopjaGVyOgBCYWNoZWxvcmFyYmVpdDoARGF0ZW5ibIp0dGVyOgBhbGxnZW1laW46AEluZmluZW9uLUFwcGxpY2F0aW8jMTY3MzAxOC5wZGYADgCcAE0ASQBuAGYAaQBuAGUAbwBuAC0AQQBwAHAAbABpAGMAYQB0AGkAbwBuAE4AbwB0AGUALQBBAFAAMwAyADMAMwAxAC0AWABNAEMAeAAwADAAMAAtAEkAbgB0AGUAcgByAHUAcAB0AC0AcwB1AGIAcwB5AHMAdABlAG0ALQBBAE4ALQB2ADAAMQBfADAAMAAtAEUATgAuAHAAZABmAA8ACAADAFMAUwBEABIAqFVzZXJzL2NocmlzdG9mcGZhbm5lbm11bGxlci9Eb2N1bWVudHMvVW5pL0ZhzIhjaGVyL0JhY2hlbG9yYXJiZWl0L0RhdGVuYmxhzIh0dGVyL2FsbGdlbWVpbi9JbmZpbmVvbi1BcHBsaWNhdGlvbk5vdGUtQVAzMjMzMS1YTUN4MDAwLUludGVycnVwdC1zdWJzeXN0ZW0tQU4tdjAxXzAwLUVOLnBkZgATAAEvAAAVAAIAHP//AACABtIbHB0eWiRjbGFzc25hbWVYJGNsYXNzZXNdTlNNdXRhYmxlRGF0YaMdHyBWTlNEYXRhWE5TT2JqZWN00hscIiNcTlNEaWN0aW9uYXJ5oiIgXxAPTlNLZXllZEFyY2hpdmVy0SYnVHJvb3SAAQAIABEAGgAjAC0AMgA3AEAARgBNAFUAYABnAGoAbABuAHEAcwB1AHcAhACOAWcBbAF0BEYESARNBFgEYQRvBHMEegSDBIgElQSYBKoErQSyAAAAAAAAAgEAAAAAAAAAKAAAAAAAAAAAAAAAAAAABLQ=}}

@manual{ERU-UserGuide,
	Date-Added = {2016-07-28 19:48:33 +0000},
	Date-Modified = {2016-07-28 19:49:35 +0000},
	Edition = {Revison 1.0},
	Month = {M{\"a}rz},
	Organization = {Infineon Technologies AG},
	Title = {Event Request Unit - ERU User Guide},
	Year = {2012},
	Bdsk-File-1 = {YnBsaXN0MDDUAQIDBAUGJCVYJHZlcnNpb25YJG9iamVjdHNZJGFyY2hpdmVyVCR0b3ASAAGGoKgHCBMUFRYaIVUkbnVsbNMJCgsMDxJXTlMua2V5c1pOUy5vYmplY3RzViRjbGFzc6INDoACgAOiEBGABIAFgAdccmVsYXRpdmVQYXRoWWFsaWFzRGF0YW8QRgAuAC4ALwAuAC4ALwBEAGEAdABlAG4AYgBsAGEDCAB0AHQAZQByAC8AYQBsAGwAZwBlAG0AZQBpAG4ALwBEAEUAVgBfAEUAUgBVAF8AMAAxAF8ARQB2AGUAbgB0AF8AcgBlAHEAdQBlAHMAdABfAFUAbgBpAHQAXwBCAGEAcwBpAGMAcwAuAHAAZABm0hcLGBlXTlMuZGF0YU8RAmAAAAAAAmAAAgAAA1NTRAAAAAAAAAAAAAAAAAAAAAAAAAAAAAAAAM8MO4xIKwAAAWcwFh9ERVZfRVJVXzAxX0V2ZW50X3JlIzE2NzMwMTcucGRmAAAAAAAAAAAAAAAAAAAAAAAAAAAAAAAAAAAAAAAAAAABZzAX074j8wAAAAAAAAAAAAIAAwAACSAAAAAAAAAAAAAAAAAAAAAJYWxsZ2VtZWluAAAQAAgAAM8MLXwAAAARAAgAANO+B9MAAAABACABZzAWAUxpVAFMaMsAEvZTABL1VAASvJ4AErx/AAAAbwACAIJTU0Q6VXNlcnM6AGNocmlzdG9mcGZhbm5lbm11bGxlcjoARG9jdW1lbnRzOgBVbmk6AEaKY2hlcjoAQmFjaGVsb3JhcmJlaXQ6AERhdGVuYmyKdHRlcjoAYWxsZ2VtZWluOgBERVZfRVJVXzAxX0V2ZW50X3JlIzE2NzMwMTcucGRmAA4AUgAoAEQARQBWAF8ARQBSAFUAXwAwADEAXwBFAHYAZQBuAHQAXwByAGUAcQB1AGUAcwB0AF8AVQBuAGkAdABfAEIAYQBzAGkAYwBzAC4AcABkAGYADwAIAAMAUwBTAEQAEgCDVXNlcnMvY2hyaXN0b2ZwZmFubmVubXVsbGVyL0RvY3VtZW50cy9VbmkvRmHMiGNoZXIvQmFjaGVsb3JhcmJlaXQvRGF0ZW5ibGHMiHR0ZXIvYWxsZ2VtZWluL0RFVl9FUlVfMDFfRXZlbnRfcmVxdWVzdF9Vbml0X0Jhc2ljcy5wZGYAABMAAS8AABUAAgAc//8AAIAG0hscHR5aJGNsYXNzbmFtZVgkY2xhc3Nlc11OU011dGFibGVEYXRhox0fIFZOU0RhdGFYTlNPYmplY3TSGxwiI1xOU0RpY3Rpb25hcnmiIiBfEA9OU0tleWVkQXJjaGl2ZXLRJidUcm9vdIABAAgAEQAaACMALQAyADcAQABGAE0AVQBgAGcAagBsAG4AcQBzAHUAdwCEAI4BHQEiASoDjgOQA5UDoAOpA7cDuwPCA8sD0APdA+AD8gP1A/oAAAAAAAACAQAAAAAAAAAoAAAAAAAAAAAAAAAAAAAD/A==}}

@manual{XMC-Reference,
	Date-Added = {2016-07-28 19:44:01 +0000},
	Date-Modified = {2016-07-28 19:44:59 +0000},
	Edition = {Revison 1.5},
	Month = {Juli},
	Organization = {Infineon Technologies AG},
	Title = {XMC4500 Reference Manual},
	Year = {2014},
	Bdsk-File-1 = {YnBsaXN0MDDUAQIDBAUGJCVYJHZlcnNpb25YJG9iamVjdHNZJGFyY2hpdmVyVCR0b3ASAAGGoKgHCBMUFRYaIVUkbnVsbNMJCgsMDxJXTlMua2V5c1pOUy5vYmplY3RzViRjbGFzc6INDoACgAOiEBGABIAFgAdccmVsYXRpdmVQYXRoWWFsaWFzRGF0YW8QMAAuAC4ALwAuAC4ALwBEAGEAdABlAG4AYgBsAGEDCAB0AHQAZQByAC8AWABNAEMANAA1ADAAMAAgAFIAZQBmAGUAcgBlAG4AYwBlACAATQBhAG4AdQBhAGwALgBwAGQAZtIXCxgZV05TLmRhdGFPEQIiAAAAAAIiAAIAAANTU0QAAAAAAAAAAAAAAAAAAAAAAAAAAAAAAADPDDuMSCsAAAFMaVQcWE1DNDUwMCBSZWZlcmVuY2UgTWFudWFsLnBkZgAAAAAAAAAAAAAAAAAAAAAAAAAAAAAAAAAAAAAAAAAAAAAAAUxpWNNWaXkAAAAAAAAAAAACAAIAAAkgAAAAAAAAAAAAAAAAAAAADERhdGVuYmyKdHRlcgAQAAgAAM8MLXwAAAARAAgAANNWTVkAAAABABwBTGlUAUxoywAS9lMAEvVUABK8ngASvH8AAABvAAIAdFNTRDpVc2VyczoAY2hyaXN0b2ZwZmFubmVubXVsbGVyOgBEb2N1bWVudHM6AFVuaToARopjaGVyOgBCYWNoZWxvcmFyYmVpdDoARGF0ZW5ibIp0dGVyOgBYTUM0NTAwIFJlZmVyZW5jZSBNYW51YWwucGRmAA4AOgAcAFgATQBDADQANQAwADAAIABSAGUAZgBlAHIAZQBuAGMAZQAgAE0AYQBuAHUAYQBsAC4AcABkAGYADwAIAAMAUwBTAEQAEgBtVXNlcnMvY2hyaXN0b2ZwZmFubmVubXVsbGVyL0RvY3VtZW50cy9VbmkvRmHMiGNoZXIvQmFjaGVsb3JhcmJlaXQvRGF0ZW5ibGHMiHR0ZXIvWE1DNDUwMCBSZWZlcmVuY2UgTWFudWFsLnBkZgAAEwABLwAAFQACABz//wAAgAbSGxwdHlokY2xhc3NuYW1lWCRjbGFzc2VzXU5TTXV0YWJsZURhdGGjHR8gVk5TRGF0YVhOU09iamVjdNIbHCIjXE5TRGljdGlvbmFyeaIiIF8QD05TS2V5ZWRBcmNoaXZlctEmJ1Ryb290gAEACAARABoAIwAtADIANwBAAEYATQBVAGAAZwBqAGwAbgBxAHMAdQB3AIQAjgDxAPYA/gMkAyYDKwM2Az8DTQNRA1gDYQNmA3MDdgOIA4sDkAAAAAAAAAIBAAAAAAAAACgAAAAAAAAAAAAAAAAAAAOS}}

@manual{XMC-DataSheet,
	Date-Added = {2016-07-28 19:42:49 +0000},
	Date-Modified = {2016-07-28 19:43:55 +0000},
	Edition = {Revison 1.3},
	Month = {M{\"a}rz},
	Organization = {Infineon Technologies AG},
	Title = {XMC4500 Data Sheet},
	Year = {2014},
	Bdsk-File-1 = {YnBsaXN0MDDUAQIDBAUGJCVYJHZlcnNpb25YJG9iamVjdHNZJGFyY2hpdmVyVCR0b3ASAAGGoKgHCBMUFRYaIVUkbnVsbNMJCgsMDxJXTlMua2V5c1pOUy5vYmplY3RzViRjbGFzc6INDoACgAOiEBGABIAFgAdccmVsYXRpdmVQYXRoWWFsaWFzRGF0YW8QKgAuAC4ALwAuAC4ALwBEAGEAdABlAG4AYgBsAGEDCAB0AHQAZQByAC8AWABNAEMANAA1ADAAMAAgAEQAYQB0AGUAbgBiAGwAYQB0AHQALgBwAGQAZtIXCxgZV05TLmRhdGFPEQIKAAAAAAIKAAIAAANTU0QAAAAAAAAAAAAAAAAAAAAAAAAAAAAAAADPDDuMSCsAAAFMaVQWWE1DNDUwMCBEYXRlbmJsYXR0LnBkZgAAAAAAAAAAAAAAAAAAAAAAAAAAAAAAAAAAAAAAAAAAAAAAAAAAAAAAAUxpV9NWaXkAAAAAAAAAAAACAAIAAAkgAAAAAAAAAAAAAAAAAAAADERhdGVuYmyKdHRlcgAQAAgAAM8MLXwAAAARAAgAANNWTVkAAAABABwBTGlUAUxoywAS9lMAEvVUABK8ngASvH8AAABvAAIAblNTRDpVc2VyczoAY2hyaXN0b2ZwZmFubmVubXVsbGVyOgBEb2N1bWVudHM6AFVuaToARopjaGVyOgBCYWNoZWxvcmFyYmVpdDoARGF0ZW5ibIp0dGVyOgBYTUM0NTAwIERhdGVuYmxhdHQucGRmAA4ALgAWAFgATQBDADQANQAwADAAIABEAGEAdABlAG4AYgBsAGEAdAB0AC4AcABkAGYADwAIAAMAUwBTAEQAEgBnVXNlcnMvY2hyaXN0b2ZwZmFubmVubXVsbGVyL0RvY3VtZW50cy9VbmkvRmHMiGNoZXIvQmFjaGVsb3JhcmJlaXQvRGF0ZW5ibGHMiHR0ZXIvWE1DNDUwMCBEYXRlbmJsYXR0LnBkZgAAEwABLwAAFQACABz//wAAgAbSGxwdHlokY2xhc3NuYW1lWCRjbGFzc2VzXU5TTXV0YWJsZURhdGGjHR8gVk5TRGF0YVhOU09iamVjdNIbHCIjXE5TRGljdGlvbmFyeaIiIF8QD05TS2V5ZWRBcmNoaXZlctEmJ1Ryb290gAEACAARABoAIwAtADIANwBAAEYATQBVAGAAZwBqAGwAbgBxAHMAdQB3AIQAjgDlAOoA8gMAAwIDBwMSAxsDKQMtAzQDPQNCA08DUgNkA2cDbAAAAAAAAAIBAAAAAAAAACgAAAAAAAAAAAAAAAAAAANu}}

@manual{TDA-UserManual,
	Date-Added = {2016-07-28 19:41:40 +0000},
	Date-Modified = {2016-07-28 19:42:36 +0000},
	Edition = {Revison 1.0},
	Month = {Februar},
	Organization = {Infineon Technologies AG},
	Title = {TDA5340 User Manual},
	Year = {2012},
	Bdsk-File-1 = {YnBsaXN0MDDUAQIDBAUGJCVYJHZlcnNpb25YJG9iamVjdHNZJGFyY2hpdmVyVCR0b3ASAAGGoKgHCBMUFRYaIVUkbnVsbNMJCgsMDxJXTlMua2V5c1pOUy5vYmplY3RzViRjbGFzc6INDoACgAOiEBGABIAFgAdccmVsYXRpdmVQYXRoWWFsaWFzRGF0YW8QKwAuAC4ALwAuAC4ALwBEAGEAdABlAG4AYgBsAGEDCAB0AHQAZQByAC8AVABEAEEANQAzADQAMAAgAFUAcwBlAHIAIABNAGEAbgB1AGEAbAAuAHAAZABm0hcLGBlXTlMuZGF0YU8RAg4AAAAAAg4AAgAAA1NTRAAAAAAAAAAAAAAAAAAAAAAAAAAAAAAAAM8MO4xIKwAAAUxpVBdUREE1MzQwIFVzZXIgTWFudWFsLnBkZgAAAAAAAAAAAAAAAAAAAAAAAAAAAAAAAAAAAAAAAAAAAAAAAAAAAAABTMXD01ev2gAAAAAAAAAAAAIAAgAACSAAAAAAAAAAAAAAAAAAAAAMRGF0ZW5ibIp0dGVyABAACAAAzwwtfAAAABEACAAA01eTugAAAAEAHAFMaVQBTGjLABL2UwAS9VQAEryeABK8fwAAAG8AAgBvU1NEOlVzZXJzOgBjaHJpc3RvZnBmYW5uZW5tdWxsZXI6AERvY3VtZW50czoAVW5pOgBGimNoZXI6AEJhY2hlbG9yYXJiZWl0OgBEYXRlbmJsinR0ZXI6AFREQTUzNDAgVXNlciBNYW51YWwucGRmAAAOADAAFwBUAEQAQQA1ADMANAAwACAAVQBzAGUAcgAgAE0AYQBuAHUAYQBsAC4AcABkAGYADwAIAAMAUwBTAEQAEgBoVXNlcnMvY2hyaXN0b2ZwZmFubmVubXVsbGVyL0RvY3VtZW50cy9VbmkvRmHMiGNoZXIvQmFjaGVsb3JhcmJlaXQvRGF0ZW5ibGHMiHR0ZXIvVERBNTM0MCBVc2VyIE1hbnVhbC5wZGYAEwABLwAAFQACABz//wAAgAbSGxwdHlokY2xhc3NuYW1lWCRjbGFzc2VzXU5TTXV0YWJsZURhdGGjHR8gVk5TRGF0YVhOU09iamVjdNIbHCIjXE5TRGljdGlvbmFyeaIiIF8QD05TS2V5ZWRBcmNoaXZlctEmJ1Ryb290gAEACAARABoAIwAtADIANwBAAEYATQBVAGAAZwBqAGwAbgBxAHMAdQB3AIQAjgDnAOwA9AMGAwgDDQMYAyEDLwMzAzoDQwNIA1UDWANqA20DcgAAAAAAAAIBAAAAAAAAACgAAAAAAAAAAAAAAAAAAAN0}}

@manual{TDA-DataSheet,
	Date-Added = {2016-07-28 19:39:48 +0000},
	Date-Modified = {2016-07-28 19:41:30 +0000},
	Edition = {Revison 1.2},
	Month = {Juni},
	Organization = {Infineon Technologies AG},
	Title = {TDA5340 Data Sheet},
	Year = {2012},
	Bdsk-File-1 = {YnBsaXN0MDDUAQIDBAUGJCVYJHZlcnNpb25YJG9iamVjdHNZJGFyY2hpdmVyVCR0b3ASAAGGoKgHCBMUFRYaIVUkbnVsbNMJCgsMDxJXTlMua2V5c1pOUy5vYmplY3RzViRjbGFzc6INDoACgAOiEBGABIAFgAdccmVsYXRpdmVQYXRoWWFsaWFzRGF0YW8QKgAuAC4ALwAuAC4ALwBEAGEAdABlAG4AYgBsAGEDCAB0AHQAZQByAC8AVABEAEEANQAzADQAMAAgAEQAYQB0AGUAbgBiAGwAYQB0AHQALgBwAGQAZtIXCxgZV05TLmRhdGFPEQIKAAAAAAIKAAIAAANTU0QAAAAAAAAAAAAAAAAAAAAAAAAAAAAAAADPDDuMSCsAAAFMaVQWVERBNTM0MCBEYXRlbmJsYXR0LnBkZgAAAAAAAAAAAAAAAAAAAAAAAAAAAAAAAAAAAAAAAAAAAAAAAAAAAAAAAUxpVtNWaXkAAAAAAAAAAAACAAIAAAkgAAAAAAAAAAAAAAAAAAAADERhdGVuYmyKdHRlcgAQAAgAAM8MLXwAAAARAAgAANNWTVkAAAABABwBTGlUAUxoywAS9lMAEvVUABK8ngASvH8AAABvAAIAblNTRDpVc2VyczoAY2hyaXN0b2ZwZmFubmVubXVsbGVyOgBEb2N1bWVudHM6AFVuaToARopjaGVyOgBCYWNoZWxvcmFyYmVpdDoARGF0ZW5ibIp0dGVyOgBUREE1MzQwIERhdGVuYmxhdHQucGRmAA4ALgAWAFQARABBADUAMwA0ADAAIABEAGEAdABlAG4AYgBsAGEAdAB0AC4AcABkAGYADwAIAAMAUwBTAEQAEgBnVXNlcnMvY2hyaXN0b2ZwZmFubmVubXVsbGVyL0RvY3VtZW50cy9VbmkvRmHMiGNoZXIvQmFjaGVsb3JhcmJlaXQvRGF0ZW5ibGHMiHR0ZXIvVERBNTM0MCBEYXRlbmJsYXR0LnBkZgAAEwABLwAAFQACABz//wAAgAbSGxwdHlokY2xhc3NuYW1lWCRjbGFzc2VzXU5TTXV0YWJsZURhdGGjHR8gVk5TRGF0YVhOU09iamVjdNIbHCIjXE5TRGljdGlvbmFyeaIiIF8QD05TS2V5ZWRBcmNoaXZlctEmJ1Ryb290gAEACAARABoAIwAtADIANwBAAEYATQBVAGAAZwBqAGwAbgBxAHMAdQB3AIQAjgDlAOoA8gMAAwIDBwMSAxsDKQMtAzQDPQNCA08DUgNkA2cDbAAAAAAAAAIBAAAAAAAAACgAAAAAAAAAAAAAAAAAAANu}}

@manual{RelaxKit,
	Date-Added = {2016-07-28 19:37:22 +0000},
	Date-Modified = {2016-07-28 19:39:45 +0000},
	Edition = {Revison 1.2},
	Month = {Januar},
	Organization = {Infineon Technologies AG},
	Title = {XMC4500 Relax Kit User`s Manual},
	Year = {2014},
	Bdsk-File-1 = {YnBsaXN0MDDUAQIDBAUGJCVYJHZlcnNpb25YJG9iamVjdHNZJGFyY2hpdmVyVCR0b3ASAAGGoKgHCBMUFRYaIVUkbnVsbNMJCgsMDxJXTlMua2V5c1pOUy5vYmplY3RzViRjbGFzc6INDoACgAOiEBGABIAFgAdccmVsYXRpdmVQYXRoWWFsaWFzRGF0YW8QKwAuAC4ALwAuAC4ALwBEAGEAdABlAG4AYgBsAGEDCAB0AHQAZQByAC8AUgBlAGwAYQB4ACAASwBpAHQAIABBAG4AbABlAGkAdAB1AG4AZwAuAHAAZABm0hcLGBlXTlMuZGF0YU8RAg4AAAAAAg4AAgAAA1NTRAAAAAAAAAAAAAAAAAAAAAAAAAAAAAAAAM8MO4xIKwAAAUxpVBdSZWxheCBLaXQgQW5sZWl0dW5nLnBkZgAAAAAAAAAAAAAAAAAAAAAAAAAAAAAAAAAAAAAAAAAAAAAAAAAAAAABUMZ301ZpeQAAAAAAAAAAAAIAAgAACSAAAAAAAAAAAAAAAAAAAAAMRGF0ZW5ibIp0dGVyABAACAAAzwwtfAAAABEACAAA01ZNWQAAAAEAHAFMaVQBTGjLABL2UwAS9VQAEryeABK8fwAAAG8AAgBvU1NEOlVzZXJzOgBjaHJpc3RvZnBmYW5uZW5tdWxsZXI6AERvY3VtZW50czoAVW5pOgBGimNoZXI6AEJhY2hlbG9yYXJiZWl0OgBEYXRlbmJsinR0ZXI6AFJlbGF4IEtpdCBBbmxlaXR1bmcucGRmAAAOADAAFwBSAGUAbABhAHgAIABLAGkAdAAgAEEAbgBsAGUAaQB0AHUAbgBnAC4AcABkAGYADwAIAAMAUwBTAEQAEgBoVXNlcnMvY2hyaXN0b2ZwZmFubmVubXVsbGVyL0RvY3VtZW50cy9VbmkvRmHMiGNoZXIvQmFjaGVsb3JhcmJlaXQvRGF0ZW5ibGHMiHR0ZXIvUmVsYXggS2l0IEFubGVpdHVuZy5wZGYAEwABLwAAFQACABz//wAAgAbSGxwdHlokY2xhc3NuYW1lWCRjbGFzc2VzXU5TTXV0YWJsZURhdGGjHR8gVk5TRGF0YVhOU09iamVjdNIbHCIjXE5TRGljdGlvbmFyeaIiIF8QD05TS2V5ZWRBcmNoaXZlctEmJ1Ryb290gAEACAARABoAIwAtADIANwBAAEYATQBVAGAAZwBqAGwAbgBxAHMAdQB3AIQAjgDnAOwA9AMGAwgDDQMYAyEDLwMzAzoDQwNIA1UDWANqA20DcgAAAAAAAAIBAAAAAAAAACgAAAAAAAAAAAAAAAAAAAN0}}

@manual{QFN-Drawing,
	Date-Added = {2016-07-28 19:35:40 +0000},
	Date-Modified = {2016-07-28 19:36:48 +0000},
	Month = {Januar},
	Organization = {Linear Technology Corporation},
	Title = {Package Drawing - QFN 24-Lead Plastic},
	Year = {2012},
	Bdsk-File-1 = {YnBsaXN0MDDUAQIDBAUGJCVYJHZlcnNpb25YJG9iamVjdHNZJGFyY2hpdmVyVCR0b3ASAAGGoKgHCBMUFRYaIVUkbnVsbNMJCgsMDxJXTlMua2V5c1pOUy5vYmplY3RzViRjbGFzc6INDoACgAOiEBGABIAFgAdccmVsYXRpdmVQYXRoWWFsaWFzRGF0YW8QLAAuAC4ALwAuAC4ALwBEAGEAdABlAG4AYgBsAGEDCAB0AHQAZQByAC8AUQBGAE4AIAAyADQAIABwAGkAbgAgAEwAZQBhAGQAZgByAGEAbQBlAC4AcABkAGbSFwsYGVdOUy5kYXRhTxECEgAAAAACEgACAAADU1NEAAAAAAAAAAAAAAAAAAAAAAAAAAAAAAAAzww7jEgrAAABTGlUGFFGTiAyNCBwaW4gTGVhZGZyYW1lLnBkZgAAAAAAAAAAAAAAAAAAAAAAAAAAAAAAAAAAAAAAAAAAAAAAAAAAAAFQwwTTY8wyAAAAAAAAAAAAAgACAAAJIAAAAAAAAAAAAAAAAAAAAAxEYXRlbmJsinR0ZXIAEAAIAADPDC18AAAAEQAIAADTY7ASAAAAAQAcAUxpVAFMaMsAEvZTABL1VAASvJ4AErx/AAAAbwACAHBTU0Q6VXNlcnM6AGNocmlzdG9mcGZhbm5lbm11bGxlcjoARG9jdW1lbnRzOgBVbmk6AEaKY2hlcjoAQmFjaGVsb3JhcmJlaXQ6AERhdGVuYmyKdHRlcjoAUUZOIDI0IHBpbiBMZWFkZnJhbWUucGRmAA4AMgAYAFEARgBOACAAMgA0ACAAcABpAG4AIABMAGUAYQBkAGYAcgBhAG0AZQAuAHAAZABmAA8ACAADAFMAUwBEABIAaVVzZXJzL2NocmlzdG9mcGZhbm5lbm11bGxlci9Eb2N1bWVudHMvVW5pL0ZhzIhjaGVyL0JhY2hlbG9yYXJiZWl0L0RhdGVuYmxhzIh0dGVyL1FGTiAyNCBwaW4gTGVhZGZyYW1lLnBkZgAAEwABLwAAFQACABz//wAAgAbSGxwdHlokY2xhc3NuYW1lWCRjbGFzc2VzXU5TTXV0YWJsZURhdGGjHR8gVk5TRGF0YVhOU09iamVjdNIbHCIjXE5TRGljdGlvbmFyeaIiIF8QD05TS2V5ZWRBcmNoaXZlctEmJ1Ryb290gAEACAARABoAIwAtADIANwBAAEYATQBVAGAAZwBqAGwAbgBxAHMAdQB3AIQAjgDpAO4A9gMMAw4DEwMeAycDNQM5A0ADSQNOA1sDXgNwA3MDeAAAAAAAAAIBAAAAAAAAACgAAAAAAAAAAAAAAAAAAAN6}}

@manual{Ethernet-Mircel,
	Date-Added = {2016-07-28 19:29:11 +0000},
	Date-Modified = {2016-07-28 19:33:57 +0000},
	Edition = {V1.0},
	Month = {August},
	Organization = {Mircel, Inc.},
	Title = {KSZ8021RNL / KSZ8031RNL Data Sheet},
	Year = {2010},
	Bdsk-File-1 = {YnBsaXN0MDDUAQIDBAUGJCVYJHZlcnNpb25YJG9iamVjdHNZJGFyY2hpdmVyVCR0b3ASAAGGoKgHCBMUFRYaIVUkbnVsbNMJCgsMDxJXTlMua2V5c1pOUy5vYmplY3RzViRjbGFzc6INDoACgAOiEBGABIAFgAdccmVsYXRpdmVQYXRoWWFsaWFzRGF0YW8QMQAuAC4ALwAuAC4ALwBEAGEAdABlAG4AYgBsAGEDCAB0AHQAZQByAC8ATQBpAHIAYwBlAGwAIABFAHQAaABlAHIAbgBlAHQAYwBvAG4AdAByAG8AbABsAGUAcgAuAHAAZABm0hcLGBlXTlMuZGF0YU8RAiYAAAAAAiYAAgAAA1NTRAAAAAAAAAAAAAAAAAAAAAAAAAAAAAAAAM8MO4xIKwAAAUxpVB1NaXJjZWwgRXRoZXJuZXRjb250cm9sbGVyLnBkZgAAAAAAAAAAAAAAAAAAAAAAAAAAAAAAAAAAAAAAAAAAAAABUMMD02PMMgAAAAAAAAAAAAIAAgAACSAAAAAAAAAAAAAAAAAAAAAMRGF0ZW5ibIp0dGVyABAACAAAzwwtfAAAABEACAAA02OwEgAAAAEAHAFMaVQBTGjLABL2UwAS9VQAEryeABK8fwAAAG8AAgB1U1NEOlVzZXJzOgBjaHJpc3RvZnBmYW5uZW5tdWxsZXI6AERvY3VtZW50czoAVW5pOgBGimNoZXI6AEJhY2hlbG9yYXJiZWl0OgBEYXRlbmJsinR0ZXI6AE1pcmNlbCBFdGhlcm5ldGNvbnRyb2xsZXIucGRmAAAOADwAHQBNAGkAcgBjAGUAbAAgAEUAdABoAGUAcgBuAGUAdABjAG8AbgB0AHIAbwBsAGwAZQByAC4AcABkAGYADwAIAAMAUwBTAEQAEgBuVXNlcnMvY2hyaXN0b2ZwZmFubmVubXVsbGVyL0RvY3VtZW50cy9VbmkvRmHMiGNoZXIvQmFjaGVsb3JhcmJlaXQvRGF0ZW5ibGHMiHR0ZXIvTWlyY2VsIEV0aGVybmV0Y29udHJvbGxlci5wZGYAEwABLwAAFQACABz//wAAgAbSGxwdHlokY2xhc3NuYW1lWCRjbGFzc2VzXU5TTXV0YWJsZURhdGGjHR8gVk5TRGF0YVhOU09iamVjdNIbHCIjXE5TRGljdGlvbmFyeaIiIF8QD05TS2V5ZWRBcmNoaXZlctEmJ1Ryb290gAEACAARABoAIwAtADIANwBAAEYATQBVAGAAZwBqAGwAbgBxAHMAdQB3AIQAjgDzAPgBAAMqAywDMQM8A0UDUwNXA14DZwNsA3kDfAOOA5EDlgAAAAAAAAIBAAAAAAAAACgAAAAAAAAAAAAAAAAAAAOY}}

@manual{Microchip-LDO,
	Date-Added = {2016-07-28 19:25:30 +0000},
	Date-Modified = {2016-07-28 19:29:09 +0000},
	Organization = {Microchip Technology Inc.},
	Title = {MCP1826/MCP1826S Data Sheet},
	Year = {2013},
	Bdsk-File-1 = {YnBsaXN0MDDUAQIDBAUGJCVYJHZlcnNpb25YJG9iamVjdHNZJGFyY2hpdmVyVCR0b3ASAAGGoKgHCBMUFRYaIVUkbnVsbNMJCgsMDxJXTlMua2V5c1pOUy5vYmplY3RzViRjbGFzc6INDoACgAOiEBGABIAFgAdccmVsYXRpdmVQYXRoWWFsaWFzRGF0YW8QKAAuAC4ALwAuAC4ALwBEAGEAdABlAG4AYgBsAGEDCAB0AHQAZQByAC8ATQBpAGMAcgBvAGMAaABpAHAAIAAyADIAMAA1ADcAQgAuAHAAZABm0hcLGBlXTlMuZGF0YU8RAgIAAAAAAgIAAgAAA1NTRAAAAAAAAAAAAAAAAAAAAAAAAAAAAAAAAM8MO4xIKwAAAUxpVBRNaWNyb2NoaXAgMjIwNTdCLnBkZgAAAAAAAAAAAAAAAAAAAAAAAAAAAAAAAAAAAAAAAAAAAAAAAAAAAAAAAAABVCwf033FywAAAAAAAAAAAAIAAgAACSAAAAAAAAAAAAAAAAAAAAAMRGF0ZW5ibIp0dGVyABAACAAAzwwtfAAAABEACAAA032pqwAAAAEAHAFMaVQBTGjLABL2UwAS9VQAEryeABK8fwAAAG8AAgBsU1NEOlVzZXJzOgBjaHJpc3RvZnBmYW5uZW5tdWxsZXI6AERvY3VtZW50czoAVW5pOgBGimNoZXI6AEJhY2hlbG9yYXJiZWl0OgBEYXRlbmJsinR0ZXI6AE1pY3JvY2hpcCAyMjA1N0IucGRmAA4AKgAUAE0AaQBjAHIAbwBjAGgAaQBwACAAMgAyADAANQA3AEIALgBwAGQAZgAPAAgAAwBTAFMARAASAGVVc2Vycy9jaHJpc3RvZnBmYW5uZW5tdWxsZXIvRG9jdW1lbnRzL1VuaS9GYcyIY2hlci9CYWNoZWxvcmFyYmVpdC9EYXRlbmJsYcyIdHRlci9NaWNyb2NoaXAgMjIwNTdCLnBkZgAAEwABLwAAFQACABz//wAAgAbSGxwdHlokY2xhc3NuYW1lWCRjbGFzc2VzXU5TTXV0YWJsZURhdGGjHR8gVk5TRGF0YVhOU09iamVjdNIbHCIjXE5TRGljdGlvbmFyeaIiIF8QD05TS2V5ZWRBcmNoaXZlctEmJ1Ryb290gAEACAARABoAIwAtADIANwBAAEYATQBVAGAAZwBqAGwAbgBxAHMAdQB3AIQAjgDhAOYA7gL0AvYC+wMGAw8DHQMhAygDMQM2A0MDRgNYA1sDYAAAAAAAAAIBAAAAAAAAACgAAAAAAAAAAAAAAAAAAANi}}

@manual{DesignRules-MCB,
	Date-Added = {2016-07-28 19:23:23 +0000},
	Date-Modified = {2016-07-28 19:25:28 +0000},
	Edition = {V1.2},
	Month = {05},
	Organization = {Multi Circuit Boards},
	Title = {BASIC DESIGN RULES},
	Year = {2016},
	Bdsk-File-1 = {YnBsaXN0MDDUAQIDBAUGJCVYJHZlcnNpb25YJG9iamVjdHNZJGFyY2hpdmVyVCR0b3ASAAGGoKgHCBMUFRYaIVUkbnVsbNMJCgsMDxJXTlMua2V5c1pOUy5vYmplY3RzViRjbGFzc6INDoACgAOiEBGABIAFgAdccmVsYXRpdmVQYXRoWWFsaWFzRGF0YV8QPi4uLy4uL0FsdGl1bS9QQ0IvTXVsdGktQ0ItTGVpdGVycGxhdHRlbl9CYXNpYy1EZXNpZ24tUnVsZXMucGRm0hcLGBlXTlMuZGF0YU8RAk4AAAAAAk4AAgAAA1NTRAAAAAAAAAAAAAAAAAAAAAAAAAAAAAAAAM8MO4xIKwAAAVDCNh9NdWx0aS1DQi1MZWl0ZXJwbGF0IzE1MEMyMzcucGRmAAAAAAAAAAAAAAAAAAAAAAAAAAAAAAAAAAAAAAAAAAABUMI302PMMQAAAAAAAAAAAAIAAwAACSAAAAAAAAAAAAAAAAAAAAADUENCAAAQAAgAAM8MLXwAAAARAAgAANNjsBEAAAABACABUMI2AUxpEQFMaMsAEvZTABL1VAASvJ4AErx/AAAAbwACAHZTU0Q6VXNlcnM6AGNocmlzdG9mcGZhbm5lbm11bGxlcjoARG9jdW1lbnRzOgBVbmk6AEaKY2hlcjoAQmFjaGVsb3JhcmJlaXQ6AEFsdGl1bToAUENCOgBNdWx0aS1DQi1MZWl0ZXJwbGF0IzE1MEMyMzcucGRmAA4AXAAtAE0AdQBsAHQAaQAtAEMAQgAtAEwAZQBpAHQAZQByAHAAbABhAHQAdABlAG4AXwBCAGEAcwBpAGMALQBEAGUAcwBpAGcAbgAtAFIAdQBsAGUAcwAuAHAAZABmAA8ACAADAFMAUwBEABIAelVzZXJzL2NocmlzdG9mcGZhbm5lbm11bGxlci9Eb2N1bWVudHMvVW5pL0ZhzIhjaGVyL0JhY2hlbG9yYXJiZWl0L0FsdGl1bS9QQ0IvTXVsdGktQ0ItTGVpdGVycGxhdHRlbl9CYXNpYy1EZXNpZ24tUnVsZXMucGRmABMAAS8AABUAAgAc//8AAIAG0hscHR5aJGNsYXNzbmFtZVgkY2xhc3Nlc11OU011dGFibGVEYXRhox0fIFZOU0RhdGFYTlNPYmplY3TSGxwiI1xOU0RpY3Rpb25hcnmiIiBfEA9OU0tleWVkQXJjaGl2ZXLRJidUcm9vdIABAAgAEQAaACMALQAyADcAQABGAE0AVQBgAGcAagBsAG4AcQBzAHUAdwCEAI4AzwDUANwDLgMwAzUDQANJA1cDWwNiA2sDcAN9A4ADkgOVA5oAAAAAAAACAQAAAAAAAAAoAAAAAAAAAAAAAAAAAAADnA==}}

@article{BibDEMO1,
	Author = {Freely, I.P.},
	Journal = {The journal of small papers},
	Note = {to appear},
	Title = {A small paper},
	Volume = {-1},
	Year = {1997}}

@article{BibDEMO2,
	Author = {Jass, Hugh},
	Journal = {The journal of big papers},
	Title = {A big paper},
	Volume = {MCMXCVII},
	Year = {7991}}
